<?xml version="1.0" encoding="UTF-8"?>
<!DOCTYPE html PUBLIC "-//W3C//DTD XHTML 1.0 Transitional//EN"
    "http://www.w3.org/TR/xhtml1/DTD/xhtml1-transitional.dtd">
<html xmlns="http://www.w3.org/1999/xhtml" xml:lang="en" lang="en">
 <head>
  <title>
</title>
<meta http-equiv="Content-Type" content="text/html;charset=utf-8" />
  <meta name='ocr-system' content='tesseract 3.04.00' />
  <meta name='ocr-capabilities' content='ocr_page ocr_carea ocr_par ocr_line ocrx_word'/>
</head>
<body>
  <div class='ocr_page' id='page_1' title='image "./deusuinfinitivi00unkngoog_0019.png"; bbox 0 0 846 1344; ppageno 0'>
   <div class='ocr_carea' id='block_1_1' title="bbox 360 106 462 123">
    <p class='ocr_par' dir='ltr' id='par_1_1' title="bbox 360 106 462 123">
     <span class='ocr_line' id='line_1_1' title="bbox 360 106 462 123; baseline -0.01 -4"><span class='ocrx_word' id='word_1_1' title='bbox 360 106 462 123; x_wconf 80' lang='lat'>-12—</span> 
     </span>
    </p>
   </div>
   <div class='ocr_carea' id='block_1_2' title="bbox 118 156 710 935">
    <p class='ocr_par' dir='ltr' id='par_1_2' title="bbox 118 156 708 421">
     <span class='ocr_line' id='line_1_2' title="bbox 119 156 704 178; baseline 0 -5"><span class='ocrx_word' id='word_1_2' title='bbox 119 156 173 178; x_wconf 73' lang='lat' dir='ltr'>sequi</span> <span class='ocrx_word' id='word_1_3' title='bbox 184 156 207 176; x_wconf 80' lang='grc' dir='ltr'>ΙΙΙ,</span> <span class='ocrx_word' id='word_1_4' title='bbox 220 156 246 176; x_wconf 85' lang='grc'>36,</span> <span class='ocrx_word' id='word_1_5' title='bbox 259 156 272 173; x_wconf 85' lang='grc'>6.</span> <span class='ocrx_word' id='word_1_6' title='bbox 286 165 306 168; x_wconf 96' lang='lat'>——</span> <span class='ocrx_word' id='word_1_7' title='bbox 318 161 392 173; x_wconf 68' lang='lat' dir='ltr'>mcum:</span> <span class='ocrx_word' id='word_1_8' title='bbox 404 156 445 177; x_wconf 81' lang='lat' dir='ltr'>(qui)</span> <span class='ocrx_word' id='word_1_9' title='bbox 459 156 508 173; x_wconf 77' lang='lat' dir='ltr'>mati</span> <span class='ocrx_word' id='word_1_10' title='bbox 521 158 605 173; x_wconf 75' lang='lat' dir='ltr'>recusaret</span> <span class='ocrx_word' id='word_1_11' title='bbox 620 157 636 177; x_wconf 82' lang='lat'>3,</span> <span class='ocrx_word' id='word_1_12' title='bbox 649 156 676 177; x_wconf 87' lang='lat'>22,</span> <span class='ocrx_word' id='word_1_13' title='bbox 688 157 704 173; x_wconf 83' lang='lat'>3.</span> 
     </span>
     <span class='ocr_line' id='line_1_3' title="bbox 119 183 706 204; baseline 0 -4"><span class='ocrx_word' id='word_1_14' title='bbox 119 193 140 195; x_wconf 97' lang='lat'><strong>—</strong></span> <span class='ocrx_word' id='word_1_15' title='bbox 152 184 225 201; x_wconf 65' lang='lat' dir='ltr'>statuo:</span> <span class='ocrx_word' id='word_1_16' title='bbox 237 184 271 204; x_wconf 81' lang='lat' dir='ltr'>ipse</span> <span class='ocrx_word' id='word_1_17' title='bbox 281 183 381 204; x_wconf 69' lang='lat' dir='ltr'>proticisci</span> <span class='ocrx_word' id='word_1_18' title='bbox 390 183 446 200; x_wconf 74' lang='lat' dir='ltr'>statuit</span> <span class='ocrx_word' id='word_1_19' title='bbox 458 184 473 202; x_wconf 86' lang='lat'>7,</span> <span class='ocrx_word' id='word_1_20' title='bbox 484 183 511 202; x_wconf 82' lang='lat'>33,</span> <span class='ocrx_word' id='word_1_21' title='bbox 523 183 538 199; x_wconf 86' lang='lat'>2.</span> <span class='ocrx_word' id='word_1_22' title='bbox 551 192 573 196; x_wconf 76' lang='lat'>—</span> <span class='ocrx_word' id='word_1_23' title='bbox 583 188 658 201; x_wconf 74' lang='lat' dir='ltr'>vereor:</span> <span class='ocrx_word' id='word_1_24' title='bbox 670 184 706 200; x_wconf 91' lang='lat' dir='ltr'>lon-</span> 
     </span>
     <span class='ocr_line' id='line_1_4' title="bbox 119 210 706 232; baseline 0 -5"><span class='ocrx_word' id='word_1_25' title='bbox 119 211 154 231; x_wconf 82' lang='lat' dir='ltr'>gius</span> <span class='ocrx_word' id='word_1_26' title='bbox 164 210 256 232; x_wconf 71' lang='lat' dir='ltr'>prosequi</span> <span class='ocrx_word' id='word_1_27' title='bbox 265 211 326 227; x_wconf 79' lang='lat' dir='ltr'>veritus</span> <span class='ocrx_word' id='word_1_28' title='bbox 338 210 354 231; x_wconf 76' lang='lat'>5,</span> <span class='ocrx_word' id='word_1_29' title='bbox 366 210 393 231; x_wconf 80' lang='lat'>52,</span> <span class='ocrx_word' id='word_1_30' title='bbox 406 211 420 227; x_wconf 84' lang='lat'>1.</span> <span class='ocrx_word' id='word_1_31' title='bbox 432 219 453 222; x_wconf 88' lang='lat'>—</span> <span class='ocrx_word' id='word_1_32' title='bbox 465 210 514 227; x_wconf 82' lang='lat' dir='ltr'>volo:</span> <span class='ocrx_word' id='word_1_33' title='bbox 526 210 540 227; x_wconf 79' lang='lat' dir='ltr'>si</span> <span class='ocrx_word' id='word_1_34' title='bbox 552 211 589 228; x_wconf 80' lang='lat' dir='ltr'>velit</span> <span class='ocrx_word' id='word_1_35' title='bbox 601 216 657 228; x_wconf 80' lang='lat' dir='ltr'>secum</span> <span class='ocrx_word' id='word_1_36' title='bbox 670 210 706 228; x_wconf 71' lang='lat' dir='ltr'>ool-</span> 
     </span>
     <span class='ocr_line' id='line_1_5' title="bbox 119 238 706 259; baseline 0 -5"><span class='ocrx_word' id='word_1_37' title='bbox 119 238 172 259; x_wconf 80' lang='lat' dir='ltr'><em>loqui</em></span> <span class='ocrx_word' id='word_1_38' title='bbox 181 238 196 257; x_wconf 82' lang='lat'>5,</span> <span class='ocrx_word' id='word_1_39' title='bbox 209 238 235 258; x_wconf 79' lang='lat'>36,</span> <span class='ocrx_word' id='word_1_40' title='bbox 248 238 263 254; x_wconf 88' lang='lat'>2.</span> <span class='ocrx_word' id='word_1_41' title='bbox 276 247 298 250; x_wconf 89' lang='lat'>—</span> <span class='ocrx_word' id='word_1_42' title='bbox 311 238 393 259; x_wconf 78' lang='lat' dir='ltr'>colloqui</span> <span class='ocrx_word' id='word_1_43' title='bbox 402 243 438 255; x_wconf 75' lang='lat' dir='ltr'>sese</span> <span class='ocrx_word' id='word_1_44' title='bbox 450 238 491 255; x_wconf 74' lang='lat' dir='ltr'>velle</span> <span class='ocrx_word' id='word_1_45' title='bbox 505 238 561 254; x_wconf 80' lang='lat' dir='ltr'>dicunt</span> <span class='ocrx_word' id='word_1_46' title='bbox 577 238 592 258; x_wconf 97' lang='lat'>5,</span> <span class='ocrx_word' id='word_1_47' title='bbox 609 239 636 258; x_wconf 83' lang='lat'>41,</span> <span class='ocrx_word' id='word_1_48' title='bbox 654 239 668 254; x_wconf 98' lang='grc'>1.</span> <span class='ocrx_word' id='word_1_49' title='bbox 684 247 706 251; x_wconf 88' lang='lat'>—-</span> 
     </span>
     <span class='ocr_line' id='line_1_6' title="bbox 119 265 708 286; baseline 0.002 -5"><span class='ocrx_word' id='word_1_50' title='bbox 119 265 173 286; x_wconf 75' lang='lat' dir='ltr'>palam</span> <span class='ocrx_word' id='word_1_51' title='bbox 184 266 198 281; x_wconf 83' lang='lat' dir='ltr'>si</span> <span class='ocrx_word' id='word_1_52' title='bbox 210 265 292 286; x_wconf 78' lang='lat' dir='ltr'>colloqui</span> <span class='ocrx_word' id='word_1_53' title='bbox 302 265 361 282; x_wconf 83' lang='lat' dir='ltr'>vellent</span> <span class='ocrx_word' id='word_1_54' title='bbox 377 265 388 285; x_wconf 83' lang='grc' dir='ltr'>Ι,</span> <span class='ocrx_word' id='word_1_55' title='bbox 404 265 432 285; x_wconf 85' lang='grc'>84,</span> <span class='ocrx_word' id='word_1_56' title='bbox 450 265 465 281; x_wconf 71' lang='grc'>2,</span> <span class='ocrx_word' id='word_1_57' title='bbox 482 274 504 277; x_wconf 92' lang='grc'><strong>-</strong></span> <span class='ocrx_word' id='word_1_58' title='bbox 520 265 534 281; x_wconf 81' lang='lat' dir='ltr'>si</span> <span class='ocrx_word' id='word_1_59' title='bbox 549 266 607 282; x_wconf 77' lang='lat' dir='ltr'>iterum</span> <span class='ocrx_word' id='word_1_60' title='bbox 625 265 708 286; x_wconf 71' lang='lat' dir='ltr'>expetiti</span> 
     </span>
     <span class='ocr_line' id='line_1_7' title="bbox 118 292 707 314; baseline 0.002 -6"><span class='ocrx_word' id='word_1_61' title='bbox 118 293 168 309; x_wconf 83' lang='lat' dir='ltr'>velint</span> <span class='ocrx_word' id='word_1_62' title='bbox 180 292 194 312; x_wconf 88' lang='lat'>1,</span> <span class='ocrx_word' id='word_1_63' title='bbox 206 292 233 311; x_wconf 77' lang='lat'>44,</span> <span class='ocrx_word' id='word_1_64' title='bbox 246 293 261 308; x_wconf 86' lang='lat'>4.</span> <span class='ocrx_word' id='word_1_65' title='bbox 274 301 296 304; x_wconf 94' lang='lat'>—-</span> <span class='ocrx_word' id='word_1_66' title='bbox 307 293 321 308; x_wconf 70' lang='lat' dir='ltr'>si</span> <span class='ocrx_word' id='word_1_67' title='bbox 333 292 387 308; x_wconf 75' lang='lat' dir='ltr'>acrius</span> <span class='ocrx_word' id='word_1_68' title='bbox 404 292 479 314; x_wconf 76' lang='lat' dir='ltr'>insequi</span> <span class='ocrx_word' id='word_1_69' title='bbox 493 293 570 309; x_wconf 75' lang='lat' dir='ltr'>voluisset</span> <span class='ocrx_word' id='word_1_70' title='bbox 582 293 605 313; x_wconf 83' lang='lat'>111,</span> <span class='ocrx_word' id='word_1_71' title='bbox 618 293 645 313; x_wconf 79' lang='lat'>51,</span> <span class='ocrx_word' id='word_1_72' title='bbox 657 293 672 309; x_wconf 82' lang='lat'>3.</span> <span class='ocrx_word' id='word_1_73' title='bbox 685 302 707 304; x_wconf 97' lang='lat'><strong>—</strong></span> 
     </span>
     <span class='ocr_line' id='line_1_8' title="bbox 119 319 706 341; baseline 0.002 -6"><span class='ocrx_word' id='word_1_74' title='bbox 119 320 159 336; x_wconf 78' lang='lat' dir='ltr'>velle</span> <span class='ocrx_word' id='word_1_75' title='bbox 171 324 189 336; x_wconf 80' lang='lat' dir='ltr'>se</span> <span class='ocrx_word' id='word_1_76' title='bbox 201 324 238 335; x_wconf 86' lang='lat' dir='ltr'>cum</span> <span class='ocrx_word' id='word_1_77' title='bbox 255 319 326 336; x_wconf 72' lang='lat' dir='ltr'>Caesare</span> <span class='ocrx_word' id='word_1_78' title='bbox 343 319 396 341; x_wconf 79' lang='lat' dir='ltr'>loqui</span> <span class='ocrx_word' id='word_1_79' title='bbox 410 319 434 340; x_wconf 85' lang='grc' dir='ltr'>ΙΙΙ,</span> <span class='ocrx_word' id='word_1_80' title='bbox 452 320 478 340; x_wconf 90' lang='grc'>15,</span> <span class='ocrx_word' id='word_1_81' title='bbox 495 320 510 336; x_wconf 85' lang='grc'>6.</span> <span class='ocrx_word' id='word_1_82' title='bbox 527 329 549 332; x_wconf 50' lang='grc' dir='ltr'>ν-</span> <span class='ocrx_word' id='word_1_83' title='bbox 566 320 579 336; x_wconf 88' lang='lat' dir='ltr'>si</span> <span class='ocrx_word' id='word_1_84' title='bbox 598 320 706 337; x_wconf 72' lang='lat' dir='ltr'>contumeliae</span> 
     </span>
     <span class='ocr_line' id='line_1_9' title="bbox 120 345 706 367; baseline 0.002 -5"><span class='ocrx_word' id='word_1_85' title='bbox 120 346 207 363; x_wconf 78' lang='lat' dir='ltr'>oblivisci</span> <span class='ocrx_word' id='word_1_86' title='bbox 217 345 265 363; x_wconf 81' lang='lat' dir='ltr'>vellet</span> <span class='ocrx_word' id='word_1_87' title='bbox 278 347 292 366; x_wconf 88' lang='lat'>1,</span> <span class='ocrx_word' id='word_1_88' title='bbox 306 346 332 366; x_wconf 84' lang='lat'>14,</span> <span class='ocrx_word' id='word_1_89' title='bbox 344 346 360 362; x_wconf 85' lang='lat'>3.</span> <span class='ocrx_word' id='word_1_90' title='bbox 373 355 394 358; x_wconf 89' lang='lat'>——-</span> <span class='ocrx_word' id='word_1_91' title='bbox 406 346 474 363; x_wconf 76' lang='lat' dir='ltr'>Ilerdam</span> <span class='ocrx_word' id='word_1_92' title='bbox 487 347 500 363; x_wconf 80' lang='lat' dir='ltr'>si</span> <span class='ocrx_word' id='word_1_93' title='bbox 511 347 583 363; x_wconf 72' lang='lat' dir='ltr'>teverti</span> <span class='ocrx_word' id='word_1_94' title='bbox 592 347 651 364; x_wconf 83' lang='lat' dir='ltr'>vellent</span> <span class='ocrx_word' id='word_1_95' title='bbox 660 347 670 367; x_wconf 83' lang='lat'>1,</span> <span class='ocrx_word' id='word_1_96' title='bbox 680 347 706 367; x_wconf 96' lang='lat'>73,</span> 
     </span>
     <span class='ocr_line' id='line_1_10' title="bbox 119 373 706 395; baseline 0 -5"><span class='ocrx_word' id='word_1_97' title='bbox 119 373 134 390; x_wconf 83' lang='lat'>2.</span> <span class='ocrx_word' id='word_1_98' title='bbox 148 382 168 385; x_wconf 80' lang='lat'>—</span> <span class='ocrx_word' id='word_1_99' title='bbox 180 374 208 394; x_wconf 75' lang='lat' dir='ltr'>qui</span> <span class='ocrx_word' id='word_1_100' title='bbox 219 373 275 395; x_wconf 79' lang='lat' dir='ltr'>sequi</span> <span class='ocrx_word' id='word_1_101' title='bbox 285 373 334 390; x_wconf 80' lang='lat' dir='ltr'>velint</span> <span class='ocrx_word' id='word_1_102' title='bbox 346 373 361 393; x_wconf 84' lang='lat'>6,</span> <span class='ocrx_word' id='word_1_103' title='bbox 374 373 400 393; x_wconf 80' lang='lat'>23,</span> <span class='ocrx_word' id='word_1_104' title='bbox 413 374 428 390; x_wconf 88' lang='lat'>7.</span> <span class='ocrx_word' id='word_1_105' title='bbox 442 383 462 385; x_wconf 97' lang='lat'><strong>—</strong></span> <span class='ocrx_word' id='word_1_106' title='bbox 474 374 488 390; x_wconf 77' lang='lat' dir='ltr'>si</span> <span class='ocrx_word' id='word_1_107' title='bbox 499 378 540 394; x_wconf 72' lang='lat' dir='ltr'>puae</span> <span class='ocrx_word' id='word_1_108' title='bbox 553 373 582 390; x_wconf 71' lang='lat' dir='ltr'>uti</span> <span class='ocrx_word' id='word_1_109' title='bbox 591 374 640 391; x_wconf 82' lang='lat' dir='ltr'>velint</span> <span class='ocrx_word' id='word_1_110' title='bbox 653 374 667 394; x_wconf 89' lang='lat'>1,</span> <span class='ocrx_word' id='word_1_111' title='bbox 679 375 706 394; x_wconf 91' lang='lat'>44,</span> 
     </span>
     <span class='ocr_line' id='line_1_11' title="bbox 119 400 488 421; baseline 0.003 -5"><span class='ocrx_word' id='word_1_112' title='bbox 119 401 135 416; x_wconf 80' lang='lat'>4.</span> <span class='ocrx_word' id='word_1_113' title='bbox 148 409 169 412; x_wconf 86' lang='lat'>—</span> <span class='ocrx_word' id='word_1_114' title='bbox 181 400 194 416; x_wconf 83' lang='lat' dir='ltr'>si</span> <span class='ocrx_word' id='word_1_115' title='bbox 206 405 237 417; x_wconf 79' lang='lat' dir='ltr'>sua</span> <span class='ocrx_word' id='word_1_116' title='bbox 248 405 299 421; x_wconf 73' lang='lat' dir='ltr'>opera</span> <span class='ocrx_word' id='word_1_117' title='bbox 311 400 340 417; x_wconf 70' lang='lat' dir='ltr'>uti</span> <span class='ocrx_word' id='word_1_118' title='bbox 350 400 398 417; x_wconf 87' lang='lat' dir='ltr'>vellet</span> <span class='ocrx_word' id='word_1_119' title='bbox 408 400 433 420; x_wconf 82' lang='grc' dir='ltr'>ΠΙ,</span> <span class='ocrx_word' id='word_1_120' title='bbox 446 401 460 420; x_wconf 85' lang='grc'>1,</span> <span class='ocrx_word' id='word_1_121' title='bbox 473 401 488 417; x_wconf 80' lang='lat'>4.</span> 
     </span>
    </p>

    <p class='ocr_par' dir='ltr' id='par_1_3' title="bbox 118 427 710 935">
     <span class='ocr_line' id='line_1_12' title="bbox 173 427 709 449; baseline 0.002 -6"><span class='ocrx_word' id='word_1_122' title='bbox 173 427 188 448; x_wconf 83' lang='lat' dir='ltr'>c)</span> <span class='ocrx_word' id='word_1_123' title='bbox 208 427 278 448; x_wconf 78' lang='lat' dir='ltr'>passivi:</span> <span class='ocrx_word' id='word_1_124' title='bbox 296 427 347 449; x_wconf 70' lang='lat' dir='ltr'>coepi</span> <span class='ocrx_word' id='word_1_125' title='bbox 359 428 433 448; x_wconf 80' lang='lat' dir='ltr'>(coeptus</span> <span class='ocrx_word' id='word_1_126' title='bbox 444 427 496 449; x_wconf 76' lang='lat' dir='ltr'>sum):</span> <span class='ocrx_word' id='word_1_127' title='bbox 513 427 552 449; x_wconf 83' lang='lat' dir='ltr'>(res)</span> <span class='ocrx_word' id='word_1_128' title='bbox 570 428 612 445; x_wconf 75' lang='lat' dir='ltr'>iuter</span> <span class='ocrx_word' id='word_1_129' title='bbox 629 432 657 444; x_wconf 84' lang='lat' dir='ltr'>eos</span> <span class='ocrx_word' id='word_1_130' title='bbox 675 428 709 449; x_wconf 70' lang='lat' dir='ltr'>agi</span> 
     </span>
     <span class='ocr_line' id='line_1_13' title="bbox 119 454 707 476; baseline 0 -5"><span class='ocrx_word' id='word_1_131' title='bbox 119 456 187 475; x_wconf 70' lang='lat' dir='ltr'>coeptae</span> <span class='ocrx_word' id='word_1_132' title='bbox 198 456 254 472; x_wconf 83' lang='lat' dir='ltr'>essent</span> <span class='ocrx_word' id='word_1_133' title='bbox 267 455 281 474; x_wconf 96' lang='grc'>1,</span> <span class='ocrx_word' id='word_1_134' title='bbox 293 455 320 475; x_wconf 82' lang='lat'>47,</span> <span class='ocrx_word' id='word_1_135' title='bbox 334 455 347 471; x_wconf 68' lang='grc'>1.</span> <span class='ocrx_word' id='word_1_136' title='bbox 360 463 381 466; x_wconf 90' lang='lat'>—-</span> <span class='ocrx_word' id='word_1_137' title='bbox 397 454 437 470; x_wconf 85' lang='lat' dir='ltr'>nihil</span> <span class='ocrx_word' id='word_1_138' title='bbox 449 459 487 471; x_wconf 77' lang='lat' dir='ltr'>eum</span> <span class='ocrx_word' id='word_1_139' title='bbox 503 455 563 475; x_wconf 80' lang='lat' dir='ltr'>populo</span> <span class='ocrx_word' id='word_1_140' title='bbox 581 455 616 476; x_wconf 69' lang='lat' dir='ltr'>agi</span> <span class='ocrx_word' id='word_1_141' title='bbox 630 457 707 476; x_wconf 82' lang='lat' dir='ltr'>coeptum</span> 
     </span>
     <span class='ocr_line' id='line_1_14' title="bbox 120 481 707 503; baseline 0.002 -6"><span class='ocrx_word' id='word_1_142' title='bbox 120 482 130 501; x_wconf 86' lang='lat'>1,</span> <span class='ocrx_word' id='word_1_143' title='bbox 143 482 158 502; x_wconf 89' lang='grc'>7,</span> <span class='ocrx_word' id='word_1_144' title='bbox 170 481 185 498; x_wconf 81' lang='grc'>6.</span> <span class='ocrx_word' id='word_1_145' title='bbox 198 491 219 494; x_wconf 80' lang='lat'>-</span> <span class='ocrx_word' id='word_1_146' title='bbox 231 482 299 498; x_wconf 68' lang='lat' dir='ltr'>materia</span> <span class='ocrx_word' id='word_1_147' title='bbox 311 483 369 502; x_wconf 69' lang='lat' dir='ltr'>coepta</span> <span class='ocrx_word' id='word_1_148' title='bbox 382 483 417 498; x_wconf 74' lang='lat' dir='ltr'>erat</span> <span class='ocrx_word' id='word_1_149' title='bbox 428 482 543 502; x_wconf 72' lang='lat' dir='ltr'>compet-tan</span> <span class='ocrx_word' id='word_1_150' title='bbox 551 482 567 502; x_wconf 77' lang='lat'>4,</span> <span class='ocrx_word' id='word_1_151' title='bbox 577 482 602 502; x_wconf 80' lang='grc'>18,</span> <span class='ocrx_word' id='word_1_152' title='bbox 613 482 627 498; x_wconf 93' lang='grc'>1.</span> <span class='ocrx_word' id='word_1_153' title='bbox 637 491 657 494; x_wconf 96' lang='grc'>-</span> <span class='ocrx_word' id='word_1_154' title='bbox 666 487 707 503; x_wconf 72' lang='lat' dir='ltr'>pons</span> 
     </span>
     <span class='ocr_line' id='line_1_15' title="bbox 120 508 707 530; baseline 0.002 -5"><span class='ocrx_word' id='word_1_155' title='bbox 120 508 195 525; x_wconf 73' lang='lat' dir='ltr'>institui</span> <span class='ocrx_word' id='word_1_156' title='bbox 205 510 273 529; x_wconf 81' lang='lat' dir='ltr'>coeptus</span> <span class='ocrx_word' id='word_1_157' title='bbox 285 511 310 525; x_wconf 80' lang='lat' dir='ltr'>est</span> <span class='ocrx_word' id='word_1_158' title='bbox 321 509 337 528; x_wconf 84' lang='lat'>4,</span> <span class='ocrx_word' id='word_1_159' title='bbox 351 509 376 528; x_wconf 80' lang='lat'>18,</span> <span class='ocrx_word' id='word_1_160' title='bbox 387 509 403 524; x_wconf 88' lang='lat'>4.</span> <span class='ocrx_word' id='word_1_161' title='bbox 416 518 437 520; x_wconf 97' lang='lat'><strong>—</strong></span> <span class='ocrx_word' id='word_1_162' title='bbox 449 509 520 529; x_wconf 81' lang='lat' dir='ltr'>undique</span> <span class='ocrx_word' id='word_1_163' title='bbox 531 509 548 525; x_wconf 92' lang='lat' dir='ltr'>in</span> <span class='ocrx_word' id='word_1_164' title='bbox 564 513 630 525; x_wconf 83' lang='lat' dir='ltr'>murum</span> <span class='ocrx_word' id='word_1_165' title='bbox 646 509 707 530; x_wconf 75' lang='lat' dir='ltr'>lapides</span> 
     </span>
     <span class='ocr_line' id='line_1_16' title="bbox 118 535 707 557; baseline 0 -5"><span class='ocrx_word' id='word_1_166' title='bbox 118 535 161 557; x_wconf 71' lang='lat' dir='ltr'>jaci</span> <span class='ocrx_word' id='word_1_167' title='bbox 170 536 223 556; x_wconf 84' lang='lat' dir='ltr'>coepti</span> <span class='ocrx_word' id='word_1_168' title='bbox 235 537 273 552; x_wconf 73' lang='lat' dir='ltr'>suut</span> <span class='ocrx_word' id='word_1_169' title='bbox 285 536 300 556; x_wconf 92' lang='lat'>2,</span> <span class='ocrx_word' id='word_1_170' title='bbox 312 536 328 556; x_wconf 90' lang='grc'>6,</span> <span class='ocrx_word' id='word_1_171' title='bbox 341 536 356 552; x_wconf 89' lang='grc'>2.</span> <span class='ocrx_word' id='word_1_172' title='bbox 369 545 390 547; x_wconf 95' lang='grc'>-</span> <span class='ocrx_word' id='word_1_173' title='bbox 402 540 511 553; x_wconf 75' lang='lat' dir='ltr'>consuesco:</span> <span class='ocrx_word' id='word_1_174' title='bbox 528 536 586 556; x_wconf 76' lang='lat' dir='ltr'>singuli</span> <span class='ocrx_word' id='word_1_175' title='bbox 602 536 707 556; x_wconf 70' lang='lat' dir='ltr'>magistratus</span> 
     </span>
     <span class='ocr_line' id='line_1_17' title="bbox 120 562 707 584; baseline 0 -5"><span class='ocrx_word' id='word_1_176' title='bbox 120 563 208 583; x_wconf 76' lang='lat' dir='ltr'>antiquitus</span> <span class='ocrx_word' id='word_1_177' title='bbox 221 562 283 579; x_wconf 70' lang='lat' dir='ltr'>creati</span> <span class='ocrx_word' id='word_1_178' title='bbox 293 564 400 579; x_wconf 75' lang='lat' dir='ltr'><strong>consuessent</strong></span> <span class='ocrx_word' id='word_1_179' title='bbox 412 563 428 582; x_wconf 87' lang='lat'>7,</span> <span class='ocrx_word' id='word_1_180' title='bbox 445 563 471 583; x_wconf 80' lang='lat'>32,</span> <span class='ocrx_word' id='word_1_181' title='bbox 489 563 504 579; x_wconf 78' lang='lat'>3.</span> <span class='ocrx_word' id='word_1_182' title='bbox 522 572 543 574; x_wconf 97' lang='lat'><strong>—</strong></span> <span class='ocrx_word' id='word_1_183' title='bbox 559 567 610 583; x_wconf 75' lang='lat' dir='ltr'>quam</span> <span class='ocrx_word' id='word_1_184' title='bbox 625 568 661 579; x_wconf 87' lang='lat' dir='ltr'>rem</span> <span class='ocrx_word' id='word_1_185' title='bbox 677 568 707 584; x_wconf 78' lang='lat' dir='ltr'>pro</span> 
     </span>
     <span class='ocr_line' id='line_1_18' title="bbox 121 589 706 611; baseline 0 -5"><span class='ocrx_word' id='word_1_186' title='bbox 121 590 183 611; x_wconf 76' lang='lat' dir='ltr'>magnis</span> <span class='ocrx_word' id='word_1_187' title='bbox 195 590 279 606; x_wconf 80' lang='lat' dir='ltr'>hominum</span> <span class='ocrx_word' id='word_1_188' title='bbox 291 590 347 606; x_wconf 73' lang='lat' dir='ltr'>officiis</span> <span class='ocrx_word' id='word_1_189' title='bbox 359 594 447 606; x_wconf 70' lang='lat' dir='ltr'>consuesse</span> <span class='ocrx_word' id='word_1_190' title='bbox 459 589 517 606; x_wconf 74' lang='lat' dir='ltr'>tribui</span> <span class='ocrx_word' id='word_1_191' title='bbox 526 590 596 606; x_wconf 79' lang='lat' dir='ltr'>docebat</span> <span class='ocrx_word' id='word_1_192' title='bbox 604 590 618 610; x_wconf 92' lang='lat' dir='ltr'>l,</span> <span class='ocrx_word' id='word_1_193' title='bbox 626 590 653 610; x_wconf 87' lang='lat'>43,</span> <span class='ocrx_word' id='word_1_194' title='bbox 661 590 677 606; x_wconf 81' lang='lat'>4.</span> <span class='ocrx_word' id='word_1_195' title='bbox 687 599 706 602; x_wconf 98' lang='lat'>—</span> 
     </span>
     <span class='ocr_line' id='line_1_19' title="bbox 120 616 707 637; baseline -0.002 -3"><span class='ocrx_word' id='word_1_196' title='bbox 120 617 185 634; x_wconf 78' lang='lat' dir='ltr'>debeo:</span> <span class='ocrx_word' id='word_1_197' title='bbox 197 622 272 633; x_wconf 78' lang='lat' dir='ltr'>summae</span> <span class='ocrx_word' id='word_1_198' title='bbox 284 622 301 633; x_wconf 84' lang='lat' dir='ltr'>se</span> <span class='ocrx_word' id='word_1_199' title='bbox 313 617 402 637; x_wconf 76' lang='lat' dir='ltr'>iniquitatis</span> <span class='ocrx_word' id='word_1_200' title='bbox 419 616 539 633; x_wconf 74' lang='lat' dir='ltr'>condemnati</span> <span class='ocrx_word' id='word_1_201' title='bbox 553 617 612 633; x_wconf 82' lang='lat' dir='ltr'>debere</span> <span class='ocrx_word' id='word_1_202' title='bbox 625 617 640 637; x_wconf 96' lang='lat'>7,</span> <span class='ocrx_word' id='word_1_203' title='bbox 654 617 678 637; x_wconf 83' lang='lat'>19,</span> <span class='ocrx_word' id='word_1_204' title='bbox 691 617 707 633; x_wconf 85' lang='lat'>5.</span> 
     </span>
     <span class='ocr_line' id='line_1_20' title="bbox 121 643 707 665; baseline 0 -5"><span class='ocrx_word' id='word_1_205' title='bbox 121 653 142 655; x_wconf 97' lang='lat'><strong>—</strong></span> <span class='ocrx_word' id='word_1_206' title='bbox 154 644 227 664; x_wconf 84' lang='lat' dir='ltr'>equitum</span> <span class='ocrx_word' id='word_1_207' title='bbox 240 649 306 665; x_wconf 82' lang='lat' dir='ltr'>operum</span> <span class='ocrx_word' id='word_1_208' title='bbox 322 648 374 665; x_wconf 87' lang='lat' dir='ltr'>neque</span> <span class='ocrx_word' id='word_1_209' title='bbox 392 643 497 660; x_wconf 64' lang='lat' dir='ltr'>desiderati</span> <span class='ocrx_word' id='word_1_210' title='bbox 511 644 578 660; x_wconf 86' lang='lat' dir='ltr'>debuise</span> <span class='ocrx_word' id='word_1_211' title='bbox 590 644 605 664; x_wconf 82' lang='lat'>7,</span> <span class='ocrx_word' id='word_1_212' title='bbox 618 644 644 664; x_wconf 84' lang='lat'>20,</span> <span class='ocrx_word' id='word_1_213' title='bbox 657 645 672 660; x_wconf 79' lang='lat'>4.</span> <span class='ocrx_word' id='word_1_214' title='bbox 686 653 707 656; x_wconf 81' lang='lat'>——</span> 
     </span>
     <span class='ocr_line' id='line_1_21' title="bbox 121 670 706 692; baseline 0 -5"><span class='ocrx_word' id='word_1_215' title='bbox 121 676 153 688; x_wconf 87' lang='lat' dir='ltr'>non</span> <span class='ocrx_word' id='word_1_216' title='bbox 165 671 263 692; x_wconf 71' lang='lat' dir='ltr'><strong>nequiquam</strong></span> <span class='ocrx_word' id='word_1_217' title='bbox 276 672 350 688; x_wconf 84' lang='lat' dir='ltr'>homines</span> <span class='ocrx_word' id='word_1_218' title='bbox 361 670 444 692; x_wconf 67' lang='lat' dir='ltr'>judicari</span> <span class='ocrx_word' id='word_1_219' title='bbox 454 671 520 687; x_wconf 85' lang='lat' dir='ltr'>deberet</span> <span class='ocrx_word' id='word_1_220' title='bbox 532 676 581 688; x_wconf 77' lang='lat' dir='ltr'>ausos</span> <span class='ocrx_word' id='word_1_221' title='bbox 593 676 629 688; x_wconf 82' lang='lat' dir='ltr'>esse</span> <span class='ocrx_word' id='word_1_222' title='bbox 637 671 706 688; x_wconf 74' lang='lat' dir='ltr'>transire</span> 
     </span>
     <span class='ocr_line' id='line_1_22' title="bbox 120 698 706 719; baseline 0 -5"><span class='ocrx_word' id='word_1_223' title='bbox 120 698 180 714; x_wconf 82' lang='lat' dir='ltr'>ssumen</span> <span class='ocrx_word' id='word_1_224' title='bbox 192 698 207 718; x_wconf 87' lang='lat'>2,</span> <span class='ocrx_word' id='word_1_225' title='bbox 220 698 247 718; x_wconf 83' lang='grc'>27,</span> <span class='ocrx_word' id='word_1_226' title='bbox 259 698 274 714; x_wconf 88' lang='lat'>5.</span> <span class='ocrx_word' id='word_1_227' title='bbox 288 707 308 710; x_wconf 74' lang='lat'>-</span> <span class='ocrx_word' id='word_1_228' title='bbox 321 698 373 714; x_wconf 81' lang='lat' dir='ltr'>locum</span> <span class='ocrx_word' id='word_1_229' title='bbox 390 698 472 719; x_wconf 73' lang='lat' dir='ltr'>relinqui</span> <span class='ocrx_word' id='word_1_230' title='bbox 486 698 561 715; x_wconf 74' lang='lat' dir='ltr'>debuisse</span> <span class='ocrx_word' id='word_1_231' title='bbox 577 698 592 718; x_wconf 81' lang='lat'>6,</span> <span class='ocrx_word' id='word_1_232' title='bbox 609 698 636 718; x_wconf 82' lang='lat'>42,</span> <span class='ocrx_word' id='word_1_233' title='bbox 654 698 668 714; x_wconf 88' lang='lat'>1.</span> <span class='ocrx_word' id='word_1_234' title='bbox 686 708 706 710; x_wconf 97' lang='lat'><strong>—</strong></span> 
     </span>
     <span class='ocr_line' id='line_1_23' title="bbox 120 725 707 746; baseline 0 -5"><span class='ocrx_word' id='word_1_235' title='bbox 120 727 199 741; x_wconf 70' lang='lat' dir='ltr'>statuerat</span> <span class='ocrx_word' id='word_1_236' title='bbox 211 725 256 746; x_wconf 83' lang='lat' dir='ltr'>prius</span> <span class='ocrx_word' id='word_1_237' title='bbox 272 725 301 741; x_wconf 84' lang='lat' dir='ltr'>hos</span> <span class='ocrx_word' id='word_1_238' title='bbox 318 725 376 741; x_wconf 80' lang='lat' dir='ltr'>debere</span> <span class='ocrx_word' id='word_1_239' title='bbox 392 725 472 745; x_wconf 74' lang='lat' dir='ltr'>restitui,</span> <span class='ocrx_word' id='word_1_240' title='bbox 490 730 541 746; x_wconf 78' lang='lat' dir='ltr'>quum</span> <span class='ocrx_word' id='word_1_241' title='bbox 560 725 618 742; x_wconf 80' lang='lat' dir='ltr'>videri</span> <span class='ocrx_word' id='word_1_242' title='bbox 632 727 707 746; x_wconf 83' lang='lat' dir='ltr'>receptos</span> 
     </span>
     <span class='ocr_line' id='line_1_24' title="bbox 121 752 710 773; baseline 0 -5"><span class='ocrx_word' id='word_1_243' title='bbox 121 752 144 773; x_wconf 80' lang='lat' dir='ltr'>HJ,</span> <span class='ocrx_word' id='word_1_244' title='bbox 158 752 171 772; x_wconf 85' lang='lat'>1,</span> <span class='ocrx_word' id='word_1_245' title='bbox 184 752 199 768; x_wconf 85' lang='lat'>5.</span> <span class='ocrx_word' id='word_1_246' title='bbox 212 761 233 764; x_wconf 77' lang='lat'>-—</span> <span class='ocrx_word' id='word_1_247' title='bbox 245 752 348 768; x_wconf 80' lang='lat' dir='ltr'>condiciones</span> <span class='ocrx_word' id='word_1_248' title='bbox 360 752 404 772; x_wconf 71' lang='lat' dir='ltr'>pacis</span> <span class='ocrx_word' id='word_1_249' title='bbox 421 752 442 768; x_wconf 76' lang='lat' dir='ltr'>ab</span> <span class='ocrx_word' id='word_1_250' title='bbox 458 754 516 769; x_wconf 78' lang='lat' dir='ltr'>senatu</span> <span class='ocrx_word' id='word_1_251' title='bbox 533 754 549 768; x_wconf 90' lang='lat' dir='ltr'>et</span> <span class='ocrx_word' id='word_1_252' title='bbox 565 757 575 768; x_wconf 73' lang='lat' dir='ltr'>a</span> <span class='ocrx_word' id='word_1_253' title='bbox 591 753 651 773; x_wconf 82' lang='lat' dir='ltr'>populo</span> <span class='ocrx_word' id='word_1_254' title='bbox 667 752 710 773; x_wconf 74' lang='lat' dir='ltr'>peti</span> 
     </span>
     <span class='ocr_line' id='line_1_25' title="bbox 120 779 707 800; baseline 0 -5"><span class='ocrx_word' id='word_1_255' title='bbox 120 779 179 796; x_wconf 81' lang='lat' dir='ltr'>debere</span> <span class='ocrx_word' id='word_1_256' title='bbox 190 779 214 799; x_wconf 92' lang='grc' dir='ltr'>ΙΙΙ,</span> <span class='ocrx_word' id='word_1_257' title='bbox 228 779 253 799; x_wconf 93' lang='grc'>10,</span> <span class='ocrx_word' id='word_1_258' title='bbox 265 779 280 795; x_wconf 86' lang='grc'>8.</span> <span class='ocrx_word' id='word_1_259' title='bbox 290 788 311 791; x_wconf 84' lang='grc'>-</span> <span class='ocrx_word' id='word_1_260' title='bbox 323 779 366 799; x_wconf 84' lang='lat' dir='ltr'>quod</span> <span class='ocrx_word' id='word_1_261' title='bbox 378 781 422 796; x_wconf 85' lang='lat' dir='ltr'>esset</span> <span class='ocrx_word' id='word_1_262' title='bbox 433 781 519 800; x_wconf 77' lang='lat' dir='ltr'>acceptum</span> <span class='ocrx_word' id='word_1_263' title='bbox 529 779 625 799; x_wconf 79' lang='lat' dir='ltr'>detrimenti,</span> <span class='ocrx_word' id='word_1_264' title='bbox 636 779 707 800; x_wconf 81' lang='lat' dir='ltr'>cujusvis</span> 
     </span>
     <span class='ocr_line' id='line_1_26' title="bbox 121 806 708 827; baseline 0 -5"><span class='ocrx_word' id='word_1_265' title='bbox 121 806 174 827; x_wconf 80' lang='lat' dir='ltr'>potius</span> <span class='ocrx_word' id='word_1_266' title='bbox 186 811 235 827; x_wconf 79' lang='lat' dir='ltr'>quam</span> <span class='ocrx_word' id='word_1_267' title='bbox 247 811 287 822; x_wconf 81' lang='lat' dir='ltr'>suae</span> <span class='ocrx_word' id='word_1_268' title='bbox 299 806 356 826; x_wconf 80' lang='lat' dir='ltr'>culpae</span> <span class='ocrx_word' id='word_1_269' title='bbox 368 806 427 823; x_wconf 87' lang='lat' dir='ltr'>debere</span> <span class='ocrx_word' id='word_1_270' title='bbox 446 806 504 822; x_wconf 55' lang='lat' dir='ltr'>tribui</span> <span class='ocrx_word' id='word_1_271' title='bbox 518 806 541 826; x_wconf 89' lang='lat'>111,</span> <span class='ocrx_word' id='word_1_272' title='bbox 559 806 585 826; x_wconf 89' lang='lat'>73,</span> <span class='ocrx_word' id='word_1_273' title='bbox 603 807 618 822; x_wconf 89' lang='lat'>4.</span> <span class='ocrx_word' id='word_1_274' title='bbox 637 815 656 818; x_wconf 70' lang='lat'>—</span> <span class='ocrx_word' id='word_1_275' title='bbox 674 806 708 826; x_wconf 79' lang='lat' dir='ltr'>agri</span> 
     </span>
     <span class='ocr_line' id='line_1_27' title="bbox 123 832 708 855; baseline 0 -6"><span class='ocrx_word' id='word_1_276' title='bbox 123 833 199 853; x_wconf 68' lang='lat' dir='ltr'>vastati,</span> <span class='ocrx_word' id='word_1_277' title='bbox 211 833 256 850; x_wconf 80' lang='lat' dir='ltr'>liberi</span> <span class='ocrx_word' id='word_1_278' title='bbox 267 832 340 853; x_wconf 70' lang='lat' dir='ltr'>abduci,</span> <span class='ocrx_word' id='word_1_279' title='bbox 352 833 412 854; x_wconf 82' lang='lat' dir='ltr'>oppida</span> <span class='ocrx_word' id='word_1_280' title='bbox 423 833 535 855; x_wconf 24' lang='lat' dir='ltr'>&gt;expugnati</span> <span class='ocrx_word' id='word_1_281' title='bbox 549 838 581 849; x_wconf 93' lang='lat' dir='ltr'>non</span> <span class='ocrx_word' id='word_1_282' title='bbox 597 833 681 849; x_wconf 77' lang='lat' dir='ltr'>debuerint</span> <span class='ocrx_word' id='word_1_283' title='bbox 694 833 708 852; x_wconf 95' lang='grc'>1,</span> 
     </span>
     <span class='ocr_line' id='line_1_28' title="bbox 122 860 708 880; baseline -0.002 -3"><span class='ocrx_word' id='word_1_284' title='bbox 122 861 147 880; x_wconf 78' lang='lat' dir='ltr'>ss,</span> <span class='ocrx_word' id='word_1_285' title='bbox 160 861 175 877; x_wconf 73' lang='lat'>5.</span> <span class='ocrx_word' id='word_1_286' title='bbox 188 870 209 872; x_wconf 97' lang='lat'><strong>—</strong></span> <span class='ocrx_word' id='word_1_287' title='bbox 221 860 316 877; x_wconf 70' lang='lat' dir='ltr'>existimo:</span> <span class='ocrx_word' id='word_1_288' title='bbox 331 860 389 877; x_wconf 79' lang='lat' dir='ltr'>veniri</span> <span class='ocrx_word' id='word_1_289' title='bbox 404 860 424 876; x_wconf 75' lang='lat' dir='ltr'>ad</span> <span class='ocrx_word' id='word_1_290' title='bbox 438 865 456 876; x_wconf 90' lang='lat' dir='ltr'>se</span> <span class='ocrx_word' id='word_1_291' title='bbox 469 860 580 876; x_wconf 77' lang='lat' dir='ltr'>existimantes</span> <span class='ocrx_word' id='word_1_292' title='bbox 592 860 607 880; x_wconf 88' lang='lat'>7,</span> <span class='ocrx_word' id='word_1_293' title='bbox 620 860 646 880; x_wconf 87' lang='lat'>70,</span> <span class='ocrx_word' id='word_1_294' title='bbox 659 860 674 876; x_wconf 76' lang='lat'>6.</span> <span class='ocrx_word' id='word_1_295' title='bbox 687 869 708 872; x_wconf 82' lang='lat'>--</span> 
     </span>
     <span class='ocr_line' id='line_1_29' title="bbox 120 886 708 909; baseline 0 -5"><span class='ocrx_word' id='word_1_296' title='bbox 120 887 216 909; x_wconf 63' lang='lat' dir='ltr'>intellego:</span> <span class='ocrx_word' id='word_1_297' title='bbox 228 887 256 903; x_wconf 88' lang='lat' dir='ltr'>ubi</span> <span class='ocrx_word' id='word_1_298' title='bbox 268 887 344 904; x_wconf 74' lang='lat' dir='ltr'>intellexit</span> <span class='ocrx_word' id='word_1_299' title='bbox 357 887 399 903; x_wconf 87' lang='lat' dir='ltr'>ultro</span> <span class='ocrx_word' id='word_1_300' title='bbox 411 887 433 903; x_wconf 75' lang='lat' dir='ltr'>ud</span> <span class='ocrx_word' id='word_1_301' title='bbox 441 892 459 904; x_wconf 87' lang='lat' dir='ltr'>se</span> <span class='ocrx_word' id='word_1_302' title='bbox 467 886 526 904; x_wconf 78' lang='lat' dir='ltr'>veniri</span> <span class='ocrx_word' id='word_1_303' title='bbox 532 887 547 907; x_wconf 90' lang='lat'>5,</span> <span class='ocrx_word' id='word_1_304' title='bbox 556 887 583 907; x_wconf 77' lang='lat'>56,</span> <span class='ocrx_word' id='word_1_305' title='bbox 592 887 606 903; x_wconf 72' lang='grc'>1,</span> <span class='ocrx_word' id='word_1_306' title='bbox 616 896 636 899; x_wconf 91' lang='grc'>--</span> <span class='ocrx_word' id='word_1_307' title='bbox 643 887 708 908; x_wconf 75' lang='lat' dir='ltr'>jubeo:</span> 
     </span>
     <span class='ocr_line' id='line_1_30' title="bbox 121 914 708 935; baseline -0.002 -4"><span class='ocrx_word' id='word_1_308' title='bbox 121 915 182 931; x_wconf 72' lang='lat' dir='ltr'>Caesar</span> <span class='ocrx_word' id='word_1_309' title='bbox 193 915 265 935; x_wconf 77' lang='lat' dir='ltr'>receptui</span> <span class='ocrx_word' id='word_1_310' title='bbox 278 915 322 931; x_wconf 76' lang='lat' dir='ltr'>cani</span> <span class='ocrx_word' id='word_1_311' title='bbox 329 914 383 935; x_wconf 76' lang='lat' dir='ltr'>jussit,</span> <span class='ocrx_word' id='word_1_312' title='bbox 396 915 411 934; x_wconf 92' lang='lat'>7,</span> <span class='ocrx_word' id='word_1_313' title='bbox 422 914 449 934; x_wconf 84' lang='lat'>47,</span> <span class='ocrx_word' id='word_1_314' title='bbox 463 914 477 930; x_wconf 89' lang='lat'>1.</span> <span class='ocrx_word' id='word_1_315' title='bbox 490 923 511 926; x_wconf 92' lang='lat'>—-</span> <span class='ocrx_word' id='word_1_316' title='bbox 523 916 541 930; x_wconf 93' lang='lat' dir='ltr'>ut</span> <span class='ocrx_word' id='word_1_317' title='bbox 552 914 631 935; x_wconf 75' lang='lat' dir='ltr'>protectio</span> <span class='ocrx_word' id='word_1_318' title='bbox 639 919 708 934; x_wconf 75' lang='lat' dir='ltr'>cognos-</span> 
     </span>
    </p>
   </div>
   <div class='ocr_carea' id='block_1_3' title="bbox 120 941 711 1097">
    <p class='ocr_par' dir='ltr' id='par_1_4' title="bbox 120 941 711 1097">
     <span class='ocr_line' id='line_1_31' title="bbox 121 941 711 962; baseline -0.002 -4"><span class='ocrx_word' id='word_1_319' title='bbox 121 943 189 961; x_wconf 83' lang='lat' dir='ltr'>ceretur,</span> <span class='ocrx_word' id='word_1_320' title='bbox 203 941 320 958; x_wconf 71' lang='lat' dir='ltr'>conclamari</span> <span class='ocrx_word' id='word_1_321' title='bbox 329 942 376 962; x_wconf 77' lang='lat' dir='ltr'>jussit</span> <span class='ocrx_word' id='word_1_322' title='bbox 387 942 410 961; x_wconf 86' lang='grc' dir='ltr'>ΙΙΙ,</span> <span class='ocrx_word' id='word_1_323' title='bbox 424 941 450 961; x_wconf 81' lang='lat'>75,</span> <span class='ocrx_word' id='word_1_324' title='bbox 463 941 478 957; x_wconf 84' lang='lat'>2.</span> <span class='ocrx_word' id='word_1_325' title='bbox 491 950 510 952; x_wconf 78' lang='lat'>—</span> <span class='ocrx_word' id='word_1_326' title='bbox 525 941 586 957; x_wconf 73' lang='lat' dir='ltr'>Caesar</span> <span class='ocrx_word' id='word_1_327' title='bbox 600 941 711 958; x_wconf 71' lang='lat' dir='ltr'>concursari</span> 
     </span>
     <span class='ocr_line' id='line_1_32' title="bbox 122 968 708 990; baseline -0.002 -5"><span class='ocrx_word' id='word_1_328' title='bbox 122 971 170 990; x_wconf 81' lang='lat' dir='ltr'>utque</span> <span class='ocrx_word' id='word_1_329' title='bbox 182 969 285 985; x_wconf 80' lang='lat' dir='ltr'>simulatione</span> <span class='ocrx_word' id='word_1_330' title='bbox 297 969 331 990; x_wconf 70' lang='lat' dir='ltr'><em>agi</em></span> <span class='ocrx_word' id='word_1_331' title='bbox 341 969 403 985; x_wconf 81' lang='lat' dir='ltr'>timoris</span> <span class='ocrx_word' id='word_1_332' title='bbox 414 968 461 989; x_wconf 86' lang='lat' dir='ltr'>jubet</span> <span class='ocrx_word' id='word_1_333' title='bbox 476 968 492 988; x_wconf 88' lang='grc'>5,</span> <span class='ocrx_word' id='word_1_334' title='bbox 509 968 536 988; x_wconf 88' lang='grc'>50,</span> <span class='ocrx_word' id='word_1_335' title='bbox 555 968 570 984; x_wconf 82' lang='grc'>5.</span> <span class='ocrx_word' id='word_1_336' title='bbox 588 977 609 979; x_wconf 71' lang='lat'>—</span> <span class='ocrx_word' id='word_1_337' title='bbox 625 968 708 985; x_wconf 82' lang='lat' dir='ltr'>Ambiorix</span> 
     </span>
     <span class='ocr_line' id='line_1_33' title="bbox 120 995 710 1017; baseline -0.002 -5"><span class='ocrx_word' id='word_1_338' title='bbox 120 995 241 1017; x_wconf 69' lang='lat' dir='ltr'>pronuntiari</span> <span class='ocrx_word' id='word_1_339' title='bbox 249 996 296 1016; x_wconf 84' lang='lat' dir='ltr'>jubet</span> <span class='ocrx_word' id='word_1_340' title='bbox 307 995 343 1017; x_wconf 85' lang='lat' dir='ltr'>(ut.</span> <span class='ocrx_word' id='word_1_341' title='bbox 353 1008 356 1012; x_wconf 90' lang='lat'>.</span> <span class='ocrx_word' id='word_1_342' title='bbox 366 995 377 1016; x_wconf 91' lang='lat'>.)</span> <span class='ocrx_word' id='word_1_343' title='bbox 388 996 404 1015; x_wconf 82' lang='lat'>5,</span> <span class='ocrx_word' id='word_1_344' title='bbox 417 996 443 1014; x_wconf 78' lang='lat'>34,</span> <span class='ocrx_word' id='word_1_345' title='bbox 455 996 470 1011; x_wconf 83' lang='lat'>3.</span> <span class='ocrx_word' id='word_1_346' title='bbox 487 1004 508 1007; x_wconf 49' lang='grc' dir='ltr'><strong><em>ψ</em></strong></span> <span class='ocrx_word' id='word_1_347' title='bbox 524 995 644 1016; x_wconf 70' lang='lat' dir='ltr'>pronuntiari</span> <span class='ocrx_word' id='word_1_348' title='bbox 652 995 710 1015; x_wconf 76' lang='lat' dir='ltr'>jubent</span> 
     </span>
     <span class='ocr_line' id='line_1_34' title="bbox 123 1021 709 1043; baseline -0.002 -4"><span class='ocrx_word' id='word_1_349' title='bbox 123 1023 230 1043; x_wconf 78' lang='lat' dir='ltr'>praeconibus</span> <span class='ocrx_word' id='word_1_350' title='bbox 242 1023 356 1039; x_wconf 81' lang='lat' dir='ltr'>circummissis</span> <span class='ocrx_word' id='word_1_351' title='bbox 368 1023 384 1042; x_wconf 84' lang='lat'>5,</span> <span class='ocrx_word' id='word_1_352' title='bbox 396 1022 423 1042; x_wconf 86' lang='lat'>51,</span> <span class='ocrx_word' id='word_1_353' title='bbox 436 1022 451 1038; x_wconf 85' lang='lat'>2.</span> <span class='ocrx_word' id='word_1_354' title='bbox 462 1031 482 1034; x_wconf 90' lang='lat'>—</span> <span class='ocrx_word' id='word_1_355' title='bbox 495 1021 563 1043; x_wconf 68' lang='lat' dir='ltr'>patior:</span> <span class='ocrx_word' id='word_1_356' title='bbox 581 1026 634 1042; x_wconf 84' lang='lat' dir='ltr'>neque</span> <span class='ocrx_word' id='word_1_357' title='bbox 646 1022 709 1043; x_wconf 82' lang='lat' dir='ltr'>longius</span> 
     </span>
     <span class='ocr_line' id='line_1_35' title="bbox 123 1049 708 1070; baseline -0.002 -4"><span class='ocrx_word' id='word_1_358' title='bbox 123 1049 196 1066; x_wconf 58' lang='lat' dir='ltr'>discedi</span> <span class='ocrx_word' id='word_1_359' title='bbox 205 1050 267 1066; x_wconf 73' lang='lat' dir='ltr'>Caesar</span> <span class='ocrx_word' id='word_1_360' title='bbox 278 1051 361 1070; x_wconf 73' lang='lat' dir='ltr'>pateretur</span> <span class='ocrx_word' id='word_1_361' title='bbox 373 1050 389 1069; x_wconf 82' lang='lat'>5,</span> <span class='ocrx_word' id='word_1_362' title='bbox 407 1049 433 1069; x_wconf 78' lang='lat'>19,</span> <span class='ocrx_word' id='word_1_363' title='bbox 450 1049 465 1065; x_wconf 45' lang='lat'>3.</span> <span class='ocrx_word' id='word_1_364' title='bbox 483 1058 504 1060; x_wconf 97' lang='lat'><strong>—</strong></span> <span class='ocrx_word' id='word_1_365' title='bbox 521 1049 549 1069; x_wconf 82' lang='lat' dir='ltr'>qui</span> <span class='ocrx_word' id='word_1_366' title='bbox 565 1049 579 1065; x_wconf 87' lang='lat' dir='ltr'>si</span> <span class='ocrx_word' id='word_1_367' title='bbox 596 1049 708 1069; x_wconf 70' lang='lat' dir='ltr'>improbasset,</span> 
     </span>
     <span class='ocr_line' id='line_1_36' title="bbox 122 1076 709 1097; baseline -0.002 -4"><span class='ocrx_word' id='word_1_368' title='bbox 122 1082 151 1093; x_wconf 84' lang='lat' dir='ltr'>cur</span> <span class='ocrx_word' id='word_1_369' title='bbox 163 1077 210 1094; x_wconf 69' lang='lat' dir='ltr'>I&#39;erri</span> <span class='ocrx_word' id='word_1_370' title='bbox 220 1082 278 1097; x_wconf 76' lang='lat' dir='ltr'>passus</span> <span class='ocrx_word' id='word_1_371' title='bbox 290 1078 334 1093; x_wconf 75' lang='lat' dir='ltr'>esset</span> <span class='ocrx_word' id='word_1_372' title='bbox 349 1077 359 1097; x_wconf 91' lang='grc' dir='ltr'>Ι,</span> <span class='ocrx_word' id='word_1_373' title='bbox 376 1077 403 1097; x_wconf 77' lang='lat'>32,</span> <span class='ocrx_word' id='word_1_374' title='bbox 420 1077 435 1092; x_wconf 83' lang='lat'>3.</span> <span class='ocrx_word' id='word_1_375' title='bbox 452 1085 473 1088; x_wconf 42' lang='lat'>*⁴</span> <span class='ocrx_word' id='word_1_376' title='bbox 490 1080 574 1096; x_wconf 73' lang='lat' dir='ltr'>possum:</span> <span class='ocrx_word' id='word_1_377' title='bbox 590 1076 672 1092; x_wconf 74' lang='lat' dir='ltr'>civitatem</span> <span class='ocrx_word' id='word_1_378' title='bbox 688 1076 709 1092; x_wconf 75' lang='lat' dir='ltr'>ad</span> 
     </span>
    </p>
   </div>
   <div class='ocr_carea' id='block_1_4' title="bbox 123 1102 709 1152">
    <p class='ocr_par' dir='ltr' id='par_1_5' title="bbox 123 1102 709 1152">
     <span class='ocr_line' id='line_1_37' title="bbox 123 1102 709 1124; baseline -0.002 -4"><span class='ocrx_word' id='word_1_379' title='bbox 123 1104 182 1120; x_wconf 88' lang='lat' dir='ltr'>bellum</span> <span class='ocrx_word' id='word_1_380' title='bbox 195 1103 265 1121; x_wconf 71' lang='lat' dir='ltr'>adduci</span> <span class='ocrx_word' id='word_1_381' title='bbox 274 1109 322 1124; x_wconf 84' lang='lat' dir='ltr'>posse</span> <span class='ocrx_word' id='word_1_382' title='bbox 334 1109 367 1120; x_wconf 88' lang='lat' dir='ltr'>non</span> <span class='ocrx_word' id='word_1_383' title='bbox 379 1103 483 1120; x_wconf 73' lang='lat' dir='ltr'>confidebant</span> <span class='ocrx_word' id='word_1_384' title='bbox 495 1103 509 1123; x_wconf 89' lang='lat'>7,</span> <span class='ocrx_word' id='word_1_385' title='bbox 522 1103 549 1123; x_wconf 82' lang='lat'>37,</span> <span class='ocrx_word' id='word_1_386' title='bbox 557 1103 572 1119; x_wconf 66' lang='lat'>6,</span> <span class='ocrx_word' id='word_1_387' title='bbox 581 1102 709 1124; x_wconf 74' lang='lat' dir='ltr'>—(Divitiacus)</span> 
     </span>
     <span class='ocr_line' id='line_1_38' title="bbox 124 1130 708 1152; baseline -0.003 -4"><span class='ocrx_word' id='word_1_388' title='bbox 124 1131 194 1148; x_wconf 75' lang='lat' dir='ltr'>adduci</span> <span class='ocrx_word' id='word_1_389' title='bbox 202 1136 235 1148; x_wconf 85' lang='lat' dir='ltr'>non</span> <span class='ocrx_word' id='word_1_390' title='bbox 248 1131 317 1152; x_wconf 88' lang='lat' dir='ltr'>potuerit</span> <span class='ocrx_word' id='word_1_391' title='bbox 330 1132 344 1151; x_wconf 88' lang='lat' dir='ltr'>l,</span> <span class='ocrx_word' id='word_1_392' title='bbox 358 1131 385 1151; x_wconf 75' lang='lat'>31,</span> <span class='ocrx_word' id='word_1_393' title='bbox 398 1131 413 1147; x_wconf 74' lang='grc'>8,</span> <span class='ocrx_word' id='word_1_394' title='bbox 426 1140 447 1143; x_wconf 85' lang='grc'>-</span> <span class='ocrx_word' id='word_1_395' title='bbox 459 1130 508 1147; x_wconf 80' lang='lat' dir='ltr'>telum</span> <span class='ocrx_word' id='word_1_396' title='bbox 525 1130 578 1151; x_wconf 73' lang='lat' dir='ltr'><em>adigi</em></span> <span class='ocrx_word' id='word_1_397' title='bbox 587 1132 643 1151; x_wconf 81' lang='lat' dir='ltr'>posset</span> <span class='ocrx_word' id='word_1_398' title='bbox 654 1130 670 1150; x_wconf 86' lang='grc'>2,</span> <span class='ocrx_word' id='word_1_399' title='bbox 682 1130 708 1150; x_wconf 89' lang='grc'>21,</span> 
     </span>
    </p>
   </div>
  </div>
 </body>
</html>
