846 1344
375 101 477 118 —9-

134 153 200 173 possent
214 151 227 172 1,
240 151 255 172 6,
271 152 284 168 l.
296 160 316 163 —
330 151 343 167 si
354 151 418 168 facere
429 151 492 172 possint
504 152 519 172 θ,
532 152 559 172 33,
571 152 586 169 5.
599 154 655 173 posset
666 152 681 172 5,
690 152 717 173 46,

133 180 149 196 4.
162 188 183 191 --
195 183 247 200 neque
267 178 310 195 ullus
329 178 376 195 [late
394 180 452 195 ventus
471 180 535 199 potetat
554 179 577 199 ΙΙΙ,
597 180 624 199 47,
637 180 652 196 4.
664 189 685 199 ,-
697 179 718 196 ab

133 206 211 227 proximis
223 206 325 227 impetrare
336 210 369 222 non
381 207 448 226 possent
459 206 474 226 6,
487 206 502 226 2,
515 206 530 222 2,
544 215 563 218 ›—
583 211 635 228 neque
654 206 721 223 firmiter

134 233 222 250 insieme
234 234 309 254 poterant
320 233 336 253 4,
348 233 374 253 26,
388 233 402 249 1.
411 242 433 245 -
441 235 459 249 ut
470 238 520 254 quam
532 233 602 254 primum
613 233 721 254 intellegere

134 262 190 282 posset
202 260 217 280 1,
229 260 256 280 40,
270 259 296 276 13.
309 269 330 271 —
342 261 360 276 ut
371 260 442 280 spatium
457 260 571 277 intercedere
582 262 638 281 posset
650 261 665 281 1,
678 261 693 280 7,
705 260 721 277 5.

133 288 192 309 (porta)
204 292 237 304 non
249 291 297 308 posse
308 287 444 308 introrumpere
455 287 551 304 videbantur
562 288 578 308 5,
590 288 617 307 51,
627 288 643 304 3.
656 297 677 300 ->
689 293 722 309 qua

135 314 175 336 (via)
187 314 215 331 ire
227 319 260 330 non
272 315 347 334 poterant
360 314 374 334 1,
383 314 398 333 9,
409 314 423 330 1.
436 323 457 326 —
469 314 531 330 nullum
543 314 605 331 iactum
612 314 673 331 latere
684 319 722 335 pos-

134 343 159 358 set
171 341 186 361 3,
199 341 224 361 14,
237 341 252 357 Β.
264 350 285 352 -
297 345 331 357 non
343 340 389 357 facile
401 341 456 357 Gallos
467 341 516 357 Gallis
535 346 604 362 negare
621 341 693 363 potuisse
705 342 721 362 5,

134 368 161 388 27,
174 368 189 384 6.
202 377 223 380 —-
235 368 260 384 his
272 369 338 384 nostrae
350 367 414 389 (naves)
433 369 486 384 rostro
504 373 571 385 nocere
590 368 635 390 (non)
647 370 722 389 poterant

134 395 150 415 3,
164 395 189 415 13,
202 395 217 411 6.
230 404 251 407 —-
263 399 284 411 ne
295 395 334 416 quid
346 394 376 411 sibi
388 399 456 412 nocere
467 397 523 415 posset
535 395 551 415 5,
563 396 578 415 7,
591 395 606 412 2.
619 405 640 407 -
652 395 691 417 (cui)
703 400 723 413 ne

134 422 178 439 orbis
190 422 255 443 quidem
267 424 348 439 terrarum
360 422 411 442 possit
424 421 515 439 obsistere
527 422 542 442 7,
555 422 582 442 29,
595 423 610 439 6.
623 432 643 434 -
656 427 724 443 sperans

134 449 181 466 alicui
193 454 210 465 se
222 449 265 470 parti
276 449 342 465 navium
356 453 452 465 ocean-ete
463 454 510 470 posse
522 449 546 469 111,
555 450 570 469 8,
577 450 592 466 3.
602 459 623 462 —
631 455 649 466 se
662 454 724 466 οοοιιμ

133 481 174 493 rere
186 477 201 493 ei
212 481 261 497 posse
273 481 341 497 sperans
353 476 377 496 111,
389 476 416 496 41,
428 476 443 492 4.
457 485 476 488 —
489 481 542 497 neque
560 477 577 493 iu
597 477 664 493 consilio
678 482 723 498 per-

133 508 210 520 manere
222 505 310 524 potuerunt
322 503 337 523 6,
349 503 376 522 40,
389 503 404 518 ὅΔ
417 512 438 514 -
450 507 480 519 nec
485 508 597 524 permanere
604 503 633 525 (ibi
640 503 723 524 Afranius)

134 532 190 551 posset
202 530 213 549 Ι,
220 530 246 550 71,
253 530 269 546 4.
277 539 299 542 -
306 530 320 546 si
330 534 452 551 perrumpere
462 532 529 550 possent
543 531 556 550 1,
569 530 584 550 Β,
597 531 612 547 4.
625 540 646 542 —
654 531 679 547 his
687 535 725 547 cum

132 557 248 579 persuadere
254 562 287 574 non
293 558 360 577 possent
368 557 382 577 1,
391 557 406 577 9,
413 557 428 573 2Δ
438 566 459 569 —
467 561 520 578 neque
532 558 634 574 commeatus
642 558 659 574 in
670 559 726 574 castra

133 584 232 606 pervenire
249 585 324 604 poterant
335 584 345 604 1,
358 584 385 604 48,
397 584 413 600 4,
427 593 446 596 -
462 584 551 605 imperator
568 584 589 601 nd
601 584 672 605 legiones
682 589 725 605 per-

138 611 199 628 venire
210 611 262 632 possit
274 611 289 631 7,
303 611 317 631 1,
330 611 345 627 7.
359 620 378 622 —
392 611 413 627 ad
425 611 513 627 exereitum
523 611 623 632 pervenite
639 613 694 632 posset
706 612 722 632 7,

136 640 151 659 6,
160 639 175 655 2,
183 648 203 651 »-
215 638 237 654 illi
247 638 268 655 ad
277 638 354 654 Hiberum
364 638 463 659 pervenire
474 640 541 658 possent
553 639 563 658 Ι,
572 639 598 658 63,
612 639 626 655 1.
639 648 660 650 —
672 639 724 659 prius-

136 671 185 687 quam
197 666 219 682 illi
228 666 329 687 profugere
336 667 402 686 possem
410 665 426 685 6,
434 665 449 685 3,
459 665 474 681 2.
487 674 507 677 —-
520 665 534 681 si
545 665 614 682 transire
626 667 725 682 conarentur

134 693 233 714 prohibere
244 693 295 713 possit
308 693 322 712 1,
335 693 350 712 8,
363 692 378 708 2.
386 702 406 704 -
419 693 495 713 perpauci
501 692 601 713 prohibete
612 694 679 713 possent
687 693 701 713 1,
710 693 725 713 ὃ,

137 721 151 737 1.
158 730 179 732 —
187 720 226 736 Galli
235 724 287 741 neque
290 724 376 740 pugnare
381 721 456 740 poterant
463 719 477 739 1,
483 719 509 739 25,
514 720 530 735 3.
536 729 557 731 -
563 724 611 740 posse
618 720 662 736 hunc
670 725 726 736 nasum

136 748 206 768 adipsos
214 746 296 763 recidere
307 746 420 763 demonstrant
427 747 442 766 7,
457 747 471 766 1,
483 746 498 762 5.
508 755 530 758 —
541 747 569 768 qni
580 746 669 763 incolumes
680 747 726 763 resi-

136 775 187 791 stere
191 779 224 790 non
233 775 320 794 potuerunt
331 774 348 793 ΙΙ,
357 773 383 793 32,
390 774 405 789 6.
414 783 433 785 -
440 773 509 795 (civitas)
518 773 625 794 conjurationi
633 774 726 798 resistere,

136 806 169 818 non
182 801 252 822 potuerit
264 800 279 821 5,
292 800 318 820 27,
331 801 346 816 4.
359 809 380 812 —
388 800 432 821 prius
444 805 494 822 quam
505 800 593 821 Pompejus
605 801 675 817 semine
687 806 725 821 pos-

137 828 271 848 set111,67‚4.-
279 827 339 849 quibus
350 827 440 843 rationibus
452 832 544 848 superare
555 829 622 848 possent
634 827 657 847 111,
670 828 697 847 83,
709 828 724 844 5.

138 865 159 867 —
171 856 185 871 si
196 855 290 871 sustinere
302 859 335 871 non
347 856 402 875 posset
415 855 430 874 7,
438 854 464 874 86,
477 854 492 870 2.
500 863 521 866 —-
530 855 620 871 exercitum
631 854 726 871 sustinere

138 887 171 899 non
183 887 230 903 posse
242 882 253 902 Ι,
266 882 292 902 71,
306 881 320 898 1.
333 890 354 893 —-
366 881 396 902 (se)
408 881 472 902 longius
485 881 565 898 tolerare
582 886 630 902 posse
642 882 724 902 parcendo

139 910 154 929 7,
167 909 193 929 71,
205 910 221 925 4.
233 918 255 921 —-
267 909 289 925 illi
300 913 353 930 neque
373 908 415 925 elam
435 908 516 925 transire
535 910 601 929 possent
620 909 637 929 4,
649 909 664 929 4,
677 909 692 925 4.
705 918 726 921 ——

138 936 242 953 Aduatucam
256 936 317 952 venire
335 936 401 956 potestis
413 936 428 955 6,
441 936 468 955 35,
481 936 495 951 9.
509 945 529 947 —
542 936 679 957 quemadmodum
692 937 726 952 tuto

138 964 187 984 legati
201 963 262 979 venire
273 965 340 983 possent
352 963 375 983 ΙΙΙ,
390 963 415 983 19,
427 963 443 979 4.
457 972 477 974 -
490 967 510 979 ne
521 963 563 983 legio
580 962 684 979 subsidio
699 968 727 979 ve-

139 990 179 1007 nire
190 991 246 1011 posset
257 990 273 1010 5,
285 990 311 1010 27,
323 990 339 1006 5,
351 999 371 1002 -
384 995 437 1011 neque
454 990 479 1006 ad
498 990 586 1006 exercitum
606 990 667 1006 venire
679 994 727 1010 posse

139 1017 228 1034 Caesarem
241 1017 256 1037 7,
270 1017 284 1036 1,
296 1017 311 1033 2.
325 1026 346 1029 --
358 1017 372 1033 si
384 1017 404 1033 in
417 1017 492 1034 Caesaris
504 1017 606 1038 complexum
620 1017 682 1033 venire
689 1021 726 1037 pos-

139 1046 164 1061 set
175 1044 198 1064 111,
211 1044 226 1064 8,
239 1044 254 1060 4.
268 1053 287 1056 -—
300 1044 364 1066 (naves)
376 1044 396 1060 in
408 1044 478 1061 eundem
494 1046 559 1064 portum
580 1044 641 1060 venire
660 1046 726 1064 possent

139 1072 155 1092 4,
172 1071 199 1091 22,
215 1072 230 1087 4.
245 1080 267 1083 -
286 1072 384 1092 praeopto:
402 1071 443 1087 Galli
462 1072 577 1092 praeoptarent
596 1071 640 1087 nudo
659 1075 726 1091 corpore

138 1103 225 1119 pugnare
239 1099 252 1118 1,
265 1098 292 1118 25,
304 1098 320 1114 4.
332 1107 354 1109 ξ
365 1098 463 1119 prohibeo:
477 1097 620 1114 circumvallare
628 1097 658 1113 luci
667 1099 726 1114 natura

140 1125 237 1146 prohibebat
248 1126 264 1146 7,
278 1126 303 1146 17,
317 1126 331 1141 1.
343 1134 365 1137 —-
377 1130 464 1146 propero:
476 1130 513 1141 cum
526 1126 594 1146 quisque
606 1125 672 1141 domum
682 1130 725 1146 perh
