846 1344
204 464 235 489 De
249 471 295 489 usu
309 464 419 489 infinitivi
433 464 496 496 apud
510 464 632 489 Caesarem.

177 527 223 545 Cum
238 527 375 549 proposuissem
390 526 435 545 mihi
456 527 479 545 de
500 532 534 545 usu
554 526 638 545 infinitivi
661 525 710 549 apud

124 558 223 577 Caesarem
237 557 324 576 omnibus
339 558 356 576 in
371 558 411 581 ejus
426 558 476 576 libris
490 558 535 576 iocis
550 557 636 576 adhibitis
654 562 710 580 quam

124 589 262 608 accuratissime
277 589 372 612 disserere,
386 589 476 612 imprimis
499 595 509 608 e
533 589 603 612 legibus
627 587 711 612 syntaxis

125 621 251 639 demonstrare
266 621 319 643 volui,
333 621 399 644 quibus
413 621 474 639 modis
488 621 550 644 lingua
564 620 631 639 Latina
651 619 711 638 infini-

125 652 162 670 tivo
176 653 241 674 utatur,
256 654 274 670 et
288 652 347 670 forma
361 652 480 675 verhi,quam
495 652 607 671 infinitivum
615 652 711 670 nominare

124 684 260 706 consuevimus,
284 689 320 707 qua
343 684 477 707 significatione
500 685 599 707 usurpetur
619 684 638 702 in
661 683 711 701 libris

125 715 234 738 scriptorum
249 715 372 734 classicorum⁴

177 746 230 764 Vires
244 747 262 764 et
276 747 349 770 tempus
364 746 466 770 defuerunt,
487 748 506 765 ut
528 752 551 765 ex
572 747 651 770 plurium
666 746 709 764 scri-

125 779 197 800 ptorum
212 777 299 801 operibus
317 778 368 796 locos
387 778 520 801 conquirerem,
542 778 620 801 ideoque
644 778 711 796 consti-

125 810 195 827 tueram
209 809 265 827 unius
279 810 339 827 solum
360 809 428 832 scripta
447 815 548 832 recensere,
569 810 621 833 eujus
645 814 712 831 sermO,

126 840 159 858 etsi
173 845 211 858 non
226 841 336 863 communis,
350 842 413 859 tamen
427 841 532 864 eloquentia
547 841 627 864 quadam
649 841 712 858 innata

127 871 167 889 sine
182 871 275 890 rhetorum
296 872 381 894 flosculis,
402 872 505 895 integritate
528 873 571 891 nulli
592 872 666 890 inferior
680 872 712 890 est.

126 902 196 921 Talium
210 902 320 926 scr-iptorum
334 909 412 922 numero
426 904 483 922 habui
497 903 515 922 C*
524 903 593 922 Julium
607 903 711 925 Caesarem,

126 933 178 956 cujus
193 933 256 952 decem
271 935 414 953 commentarios
430 935 452 953 de
467 935 515 953 bello
521 935 590 953 Gallico
599 936 618 953 et
632 934 654 953 de
664 934 712 952 bello

125 965 172 983 civili
178 965 272 988 diligenter
276 968 401 989 perscrutatus
408 972 450 985 sum
457 967 476 985 in
482 966 571 989 exemplis
579 965 713 989 conquirendis*

127 995 191 1015 Libros
206 997 250 1015 VIII.
264 997 287 1016 de
301 998 349 1016 bello
363 997 438 1020 Gallim,
462 998 484 1016 de
507 997 560 1016 hellis
584 997 714 1020 Alexandrino,

126 1027 217 1050 Africano,
231 1028 349 1051 Hispaniensi
373 1029 497 1048 recensendos
518 1029 562 1047 mihi
586 1034 624 1047 non
648 1029 714 1050 statui3

126 1059 182 1077 etiam
197 1059 296 1078 infinitivos
310 1060 394 1084 gerundii
408 1062 427 1079 et
441 1060 540 1084 gerundivi,
561 1066 608 1084 quos
632 1059 713 1079 Goerlitz

127 1090 167 1114 (das
181 1091 290 1113 gerundium
306 1091 343 1110 und
358 1092 445 1115 supinum
459 1092 489 1110 bei
504 1092 576 1110 Cacsar.
586 1092 713 1114 PriRogaseni

130 1121 192 1145 1887.)
207 1123 345 1141 accuratissime
359 1124 448 1147 exposuit,
462 1124 480 1142 in
494 1123 530 1141 hac
538 1123 713 1141 meadissertatione

129 1154 302 1176 praetermittendos
317 1154 403 1173 constitui
417 1154 498 1173 Exlibris
506 1156 590 1178 quatuor,
596 1155 627 1178 qui
638 1154 713 1172 nomine

679 1190 686 1202 1
